@article{DBLP:journals/corr/SimonyanZ14a,
  author    = {Karen Simonyan and
               Andrew Zisserman},
  title     = {Very Deep Convolutional Networks for Large-Scale Image Recognition},
  journal   = {CoRR},
  volume    = {abs/1409.1556},
  year      = {2014},
  url       = {http://arxiv.org/abs/1409.1556},
  timestamp = {Wed, 07 Jun 2017 14:41:51 +0200},
  biburl    = {http://dblp.uni-trier.de/rec/bib/journals/corr/SimonyanZ14a},
  bibsource = {dblp computer science bibliography, http://dblp.org}
}
@article{2014arXiv1406.2661G,
   author = {{Goodfellow}, I.~J. and {Pouget-Abadie}, J. and {Mirza}, M. and 
	{Xu}, B. and {Warde-Farley}, D. and {Ozair}, S. and {Courville}, A. and 
	{Bengio}, Y.},
    title = "{Generative Adversarial Networks}",
  journal = {ArXiv e-prints},
archivePrefix = "arXiv",
   eprint = {1406.2661},
 primaryClass = "stat.ML",
 keywords = {Statistics - Machine Learning, Computer Science - Learning},
     year = 2014,
    month = jun,
   adsurl = {http://adsabs.harvard.edu/abs/2014arXiv1406.2661G},
  adsnote = {Provided by the SAO/NASA Astrophysics Data System}
}

@article{graves2016hybrid,
  title={Hybrid computing using a neural network with dynamic external memory},
  author={Graves, Alex and Wayne and others},
  journal={Nature},
  volume={538},
  number={7626},
  pages={471--476},
  year={2016},
  publisher={Nature Research}
}
@misc{nilsonreport,
title = {Card Fraud Losses Reach \$22.80 Billion},
author={The Nilson Report - Issue 1118 | Oct 2017},
year={2017},
howpublished= "\url{https://www.nilsonreport.com/}"
}

@inproceedings{dal2015calibrating,
  title={Calibrating probability with undersampling for unbalanced classification},
  author={Dal Pozzolo, Andrea and Caelen, Olivier and Johnson, Reid A and Bontempi, Gianluca},
  booktitle={Computational Intelligence, 2015 IEEE Symposium Series on},
  pages={159--166},
  year={2015},
  organization={IEEE}
}